@article{mcgillivray1990,
  author =        {A Adler and WRB Lionheart}
  journal =       {Physiological Measurement},
  pages =         {S25--S42},
  title =         {Uses and abuses of EIDORS: An extensible software base for EIT},
  volume =        {38},
  year =          {2006},
}
